% Encoding: UTF-8

@article{winters02,
  title={Trade liberalisation and poverty: what are the links?},
  author={Leonard Alan Winters},
  journal={World Economy},
  volume={25},
  number={9},
  pages={1339--1367},
  year={2002},
  publisher={Wiley Online Library}
}

@article{bannisterthugge01,
  title={International trade and poverty alleviation},
  author={Geoffrey J. Bannister and Kamau Thugge},
  journal={IMF Working Paper},
  volume={54},
  numer={2001},
  year={2001},
  publisher={International Monetary Fund}
}


