% Encoding: UTF-8

@article{winters02,
  title={Trade liberalisation and poverty: what are the links?},
  author={Leonard Alan Winters},
  journal={World Economy},
  volume={25},
  number={9},
  pages={1339--1367},
  year={2002},
  publisher={Wiley Online Library}
}

@article{bannisterthugge01,
  title={International trade and poverty alleviation},
  author={Geoffrey J. Bannister and Kamau Thugge},
  journal={IMF Working Paper},
  volume={54},
  numer={2001},
  year={2001},
  publisher={International Monetary Fund}
}

@article{castilho12,
  title={Trade liberalization, inequality, and poverty in Brazilian states},
  author={Castilho, Marta and Men{\'e}ndez, Marta and Sztulman, Aude},
  journal={World Development},
  volume={40},
  number={4},
  pages={821--835},
  year={2012},
  publisher={Elsevier}
}

