
@article{samuelson71,
  title={Ohlin was right},
  author={Samuelson, Paul A},
  journal={The Swedish Journal of Economics},
  volume={73},
  number={4},
  pages={365--384},
  year={1971},
  publisher={JSTOR}
}

@article{jones71,
  title={A three factor model in theory, trade, and history},
  author={Jones, WR},
  journal={Trade, balance of payments and growth},
  pages={3--21},
  year={1971},
  publisher={North-Holland}
}
