@article{greenwade93,
    author  = "George D. Greenwade",
    title   = "The {C}omprehensive {T}ex {A}rchive {N}etwork ({CTAN})",
    year    = "1993",
    journal = "TUGBoat",
    volume  = "14",
    number  = "3",
    pages   = "342--351"
}
@article{collins2011a,
  author = {Collins, Tom and Laney, Robin and Willis, Alistair and Garthwaite, Paul H.},
  title = {Modeling pattern importance in {C}hopin's mazurkas},
  journal = {Music Perception},
  year = 2011,
  volume = 28,
  number = 4,
  pages = {387--414}
}

@inproceedings{collins2013,
  author = {Collins, Tom and Arzt, Andreas and Flossmann, Sebastian and Widmer, Gerhard},
  title = {{SIARCT-CFP}: improving precision and the discovery of inexact musical patterns in point-set representations},
  booktitle = {Proceedings of the International Society for Music Information Retrieval Conference},
  year = 2013,
  editor = {Britto Jr, Alceu S. and Gouyon, Fabien and Dixon, Simon},
  pages = {549--554},
  publisher = {International Society for Music Information Retrieval},
  address = {Curitiba, Brazil},
  note = {Retrieved 13 November, 2013 from \href{https://tomcollinsresearch.net/pdf/collinsEtAlISMIR2013.pdf}{https://tomcollinsresearch.net/pdf/\\
   collinsEtAlISMIR2013.pdf}}
}

@incollection{collins2016,
  author = {Collins, Tom and Arzt, Andreas and Frostel, Harald and Widmer, Gerhard},
  title = {Using geometric symbolic fingerprinting to discover distinctive patterns in polyphonic music corpora},
  booktitle = {Computational Music Analysis},
  year = 2016,
  editor = {Meredith, David},
  pages = {445--474},
  publisher = {Springer},
  address = {Berlin, Germany}
}

@phdthesis{collins2011b,
  author = {Collins, Tom},
  title = {Improved methods for pattern discovery in music, with applications in automated stylistic composition},
  school = {Faculty of Mathematics, Computing and Technology, The Open University},
  year = 2011
}

@book{ross2006,
  author = {Ross, Sheldon},
  title = {A first course in probability},
  year = 2006,
  publisher = {Pearson Education, Inc},
  address = {Upper Saddle River, NJ},
  edition = {7th}
}

@misc{lunn2007a,
  author = {Lunn, Daniel},
  title = {Part {A}: Statistics lecture notes},
  year = 2007,
  note = {Retrieved 15 July, 2010 from \href{http://www.stats.ox.ac.uk/~dlunn/A5_06/A5_2006.htm}
        {http://\\
        www.stats.ox.ac.uk/$\sim$dlunn/A5\_06/A5\_2006.htm}}
}

@misc{lunn2007b,
  author = {Lunn, Daniel},
  title = {Part {B}: Applied statistics lecture notes},
  year = 2007,
  note = {Retrieved 15 July, 2010 from \href{http://www.stats.ox.ac.uk/~dlunn/BS1_05/BS1_mt05.htm}{http://www.stats.ox.ac.uk/$\sim$dlunn/BS1\_05/BS1\_mt05.htm}}
}

@article{shannon1948,
  author = {Shannon, Claude E.},
  title = {A mathematical theory of communication},
  journal = {Bell System Technical Journal},
  year = 1948,
  volume = 27,
  pages = {379-423, 623-656}
}

@inproceedings{rahman2019centroidb,
  title={Centroid of Age Neighborhoods: A Generalized Approach to Estimate Biological Age},
  author={Rahman, Syed Ashiqur and Adjeroh, Donald},
  booktitle={2019 IEEE EMBS International Conference on Biomedical \& Health Informatics (BHI)},
  pages={1--4},
  year={2019},
  organization={IEEE},
  doi={10.1109/BHI.2019.8834608}
}
@article{bahdanau2014neural,
  title={Neural machine translation by jointly learning to align and translate},
  author={Bahdanau, Dzmitry and Cho, Kyunghyun and Bengio, Yoshua},
  journal={arXiv preprint arXiv:1409.0473},
  year={2014},
  doi={10.48550/arXiv.1409.0473}
}
@article{imboden2018cardiorespiratory,
  title={Cardiorespiratory fitness and mortality in healthy men and women},
  author={Imboden, Mary T and Harber, Matthew P and Whaley, Mitchell H and Finch, W Holmes and Bishop, Derron L and Kaminsky, Leonard A},
  journal={Journal of the American College of Cardiology},
  volume={72},
  number={19},
  pages={2283--2292},
  year={2018},
  publisher={Elsevier},
  doi={10.1016/j.jacc.2018.08.2166},
}
@inproceedings{motiian2017unified,
  title={Unified deep supervised domain adaptation and generalization},
  author={Motiian, Saeid and Piccirilli, Marco and Adjeroh, Donald A and Doretto, Gianfranco},
  booktitle={Proceedings of the IEEE International Conference on Computer Vision},
  pages={5715--5725},
  year={2017}
}
@book{american2013acsm,
  title={ACSM's guidelines for exercise testing and prescription},
  author={American College of Sports Medicine and others},
  year={2013},
  publisher={Lippincott Williams \& Wilkins}
}
@book{murphy2012machine,
  title={Machine learning: A probabilistic perspective},
  author={Murphy, Kevin P},
  year={2012},
  publisher={MIT press}
}
@article{ji20123d,
  title={3D convolutional neural networks for human action recognition},
  author={Ji, Shuiwang and Xu, Wei and Yang, Ming and Yu, Kai},
  journal={IEEE Transactions on Pattern Analysis and Machine Intelligence},
  volume={35},
  number={1},
  pages={221--231},
  year={2012},
  publisher={IEEE},
  doi={10.1109/TPAMI.2012.59}
}
@inproceedings{krizhevsky2012imagenet,
  title={Imagenet classification with deep convolutional neural networks},
  author={Krizhevsky, Alex and Sutskever, Ilya and Hinton, Geoffrey E},
  booktitle={Advances in Neural Information Processing Systems},
  pages={1097--1105},
  year={2012}
}
@article{horvath2018dna,
  title={DNA methylation-based biomarkers and the epigenetic clock theory of ageing},
  author={Horvath, Steve and Raj, Kenneth},
  journal={Nature Reviews Genetics},
  volume={19},
  number={6},
  pages={371},
  year={2018},
  publisher={Nature Publishing Group},
  doi={10.1038/s41576-018-0004-3}
}
@article{pyrkov2018quantitative,
  title={Quantitative characterization of biological age and frailty based on locomotor activity records},
  author={Pyrkov, Timothy V and Getmantsev, Evgeny and Zhurov, Boris and Avchaciov, Konstantin and Pyatnitskiy, Mikhail and Menshikov, Leonid and Khodova, Kristina and Gudkov, Andrei V and Fedichev, Peter O},
  journal={Aging (Albany NY)},
  volume={10},
  number={10},
  pages={2973},
  year={2018},
  publisher={Impact Journals, LLC},
  doi={10.18632/aging.101603}
}
@inproceedings{wang2018face,
  title={Face aging with identity-preserved conditional generative adversarial networks},
  author={Wang, Zongwei and Tang, Xu and Luo, Weixin and Gao, Shenghua},
  booktitle={Proceedings of the IEEE Conference on Computer Vision and Pattern Recognition},
  pages={7939--7947},
  year={2018}
}
@article{lecun2015deep,
  title={Deep learning},
  author={LeCun, Yann and Bengio, Yoshua and Hinton, Geoffrey},
  journal={Nature},
  volume={521},
  number={7553},
  pages={436},
  year={2015},
  publisher={Nature Publishing Group},
  doi={10.1038/nature14539}
}
@article{zhang2018fine,
  title={Fine-Grained Age Estimation in the wild with Attention {LSTM} Networks},
  author={Zhang, Ke and Liu, Na and Yuan, Xingfang and Guo, Xinyao and Gao, Ce and Zhao, Zhenbing},
  journal={arXiv preprint arXiv:1805.10445},
  year={2018},
  doi={10.1109/TCSVT.2019.2936410}
}
@article{ravi2016deep,
  title={Deep learning for health informatics},
  author={Rav{\`i}, Daniele and Wong, Charence and Deligianni, Fani and Berthelot, Melissa and Andreu-Perez, Javier and Lo, Benny and Yang, Guang-Zhong},
  journal={IEEE {J}ournal of {B}iomedical and {H}ealth {I}nformatics},
  volume={21},
  number={1},
  pages={4--21},
  year={2016},
  publisher={IEEE},
  doi={10.1109/JBHI.2016.2636665}
}

@article{appleby,
  author  = {Humphrey Appleby},
  title   = {On the Importance of the Civil Service},
  year    = {1980},
  journal = {Civil Service Journal},
  doi     = {10.2214/ajr.12.9928__##},
}