
@article{sotomayor21,
  title={Can the minimum wage reduce poverty and inequality in the developing world? Evidence from Brazil},
  author={Orlando Sotomayor},
  journal={World Development},
  volume={138},
  number={105182},
  pages={14},
  year={2021},
  publisher={Elsevier} }

@article{dolevchenko09,
  title={Trade, inequality, and the political economy of institutions},
  author={Do, Quy-Toan and Levchenko, Andrei A},
  journal={Journal of Economic theory},
  volume={144},
  number={4},
  pages={1489--1520},
  year={2009},
  publisher={Elsevier}
}
